3236 4910
755 329 776 397 5

663 421 865 430 —-—

179 537 218 600 ab
240 537 399 600 Eumenio
422 537 571 619 scriptam
593 556 675 621 esse,
709 540 806 602 immo
834 537 996 602 contendit
1018 539 1108 602 haee:
1145 526 1350 625 „IIberhaupt

179 647 301 710 enthiilt
324 647 375 710 die
395 665 496 728 ganzo
511 646 699 731 Sammlung
716 669 779 711 nur
792 647 900 711 Reden
916 649 1158 712 verschiedener
1171 650 1352 714 Verfassen‘

181 761 220 839 (p.
244 757 303 836 33).
349 757 458 819 Solum
473 755 529 818 IV.
544 760 772 839 panegyricum
789 758 948 820 Eumenio
970 757 1176 823 tribuendum
1199 780 1267 824 esse
1290 763 1353 825 iam

180 868 353 950 Amporius
375 868 539 950 (Anrpere,
572 868 643 930 hist.
672 868 710 931 de
739 870 768 931 la
790 868 911 934 maneo
938 872 1035 933 avant
1061 869 1090 932 le
1112 869 1187 933 XII.
1211 871 1306 934 sieele
1329 871 1354 954 I,

183 978 243 1040 192
265 978 316 1056 ss.)
344 976 445 1041 obiter
467 976 661 1060 significarit
683 978 818 1060 (Sittlius
841 1001 869 1064 p.
893 981 954 1054 nt).
998 982 1036 1043 A.
1060 979 1211 1044 Saohsius
1238 981 1353 1045 deinde

144 1082 147 1089 ’
181 1091 225 1170 (iu
249 1089 322 1150 diss.
345 1086 411 1169 „De
433 1092 583 1170 quattuor
604 1091 815 1171 panegyricis,
838 1093 894 1174 qui
917 1089 956 1153 ab
975 1089 1133 1154 Eumenia
1155 1093 1265 1175 soripti
1286 1111 1355 1155 esse

183 1180 359 1280 dieuntun‘,
391 1198 484 1261 Halis
507 1198 580 1263 Sex.
611 1199 703 1280 1885)
735 1202 909 1264 orationem
937 1200 1028 1264 VIII.
1055 1206 1086 1263 et
1112 1200 1168 1264 IV.
1196 1201 1355 1265 Eumenio

182 1309 295 1372 tribuit
324 1315 433 1372 eontra
454 1309 662 1392 Brandtinm,
696 1331 789 1393 quem
816 1312 988 1376 reditatum
1016 1330 1084 1375 esse
1111 1310 1150 1374 ab
1178 1313 1232 1374 illo
1262 1318 1356 1395 negat

186 1420 311 1484 Sittlius
333 1420 376 1504 (p.
399 1421 459 1498 29).

270 1531 427 1594 Venimus
471 1534 534 1595 iam
575 1532 615 1596 ad
650 1533 752 1615 ipsius
788 1519 910 1596 Seeolrii
955 1533 1149 1615 studiorum,
1196 1551 1278 1615 quae
1313 1534 1354 1596 ad

185 1643 349 1704 historiam
371 1640 563 1706 Diocletiani
586 1648 617 1705 et
640 1641 838 1705 Constantini
861 1644 1032 1725 pertinent,
1065 1645 1186 1724 partem
1213 1644 1357 1725 primam.

269 1751 457 1835 Repudiatis
488 1753 572 1814 enim
604 1753 719 1835 prioris
745 1755 856 1816 aetatis
883 1752 1089 1836 opinionibus
1116 1753 1176 1815 hoo
1202 1772 1267 1815 nou
1289 1754 1358 1815 sine

185 1864 297 1926 ardore
321 1863 460 1944 quodam
492 1865 523 1924 et
548 1861 684 1924 fiduciae
711 1863 829 1926 nimiae
855 1863 970 1946 plenus
992 1864 1112 1946 posuit,
1146 1881 1255 1925 omnes
1287 1863 1358 1926 illas

187 1975 358 2052 oratioueS,
392 1992 457 2035 non
484 1973 587 2035 solum
615 1994 633 2036 a
660 1978 773 2056 quarta
799 1991 902 2055 usque
929 1973 967 2034 ad
995 1977 1152 2054 octavam,
1185 1972 1358 2036 sedetiam

187 2103 303 2145 nonam
327 2101 386 2145 neo
407 2102 470 2146 non
494 2103 546 2146 eas
568 2085 702 2167 priores,
736 2103 872 2165 quarum
899 2086 1043 2146 auctores
1064 2082 1221 2146 Ruehlius
1242 2083 1360 2148 frustra

189 2195 354 2275 quaesivit,
377 2195 550 2258 secundam
572 2201 603 2257 et
624 2195 749 2258 tertiam
772 2193 811 2256 ab
834 2191 945 2256 eodem
959 2193 1117 2256 Eumenio
1131 2195 1264 2276 scriptas
1283 2213 1359 2257 esse.

274 2303 343 2379 Quo
375 2323 415 2368 ex
447 2304 533 2367 fonte
559 2306 663 2366 omnis
690 2303 766 2366 haee
795 2305 937 2385 quaestio
965 2303 1039 2366 iude
1066 2302 1232 2366 aLiviuei
1259 2309 1360 2367 aetate

190 2415 328 2496 fluxerit,
351 2415 443 2477 facile
465 2414 661 2497 intelligitur.
706 2413 789 2476 Nam
812 2433 886 2476 oum
909 2416 1044 2477 orationi
1067 2414 1157 2478 VIII.
1172 2416 1360 2499 inscriptum

190 2528 231 2590 sit
245 2525 444 2607 „Gratiarum
467 2523 575 2604 antid‘,
598 2542 662 2586 non
685 2524 824 2586 alienum
848 2523 1025 2604 videbatur,
1048 2524 1130 2587 hano
1152 2527 1307 2588 actionem
1330 2527 1360 2588 ei

191 2638 260 2698 viro
282 2629 430 2717 tribuere,
454 2654 547 2718 quem
571 2641 663 2698 antea
685 2653 742 2718 pro
763 2633 942 2697 Maenianis
964 2635 1115 2718 petivisse
1137 2641 1266 2699 oonstat.

277 2745 338 2809 Sed
370 2748 404 2809 in
432 2747 573 2809 oratione
600 2746 690 2808 VIII.
713 2745 955 2808 Maenianonun
987 2746 1116 2807 omnino
1147 2765 1211 2807 non
1243 2746 1362 2808 mentio

191 2857 235 2938 fit,
259 2857 344 2939 quod
367 2859 484 2920 mirum
507 2862 596 2938 esset,
619 2859 646 2918 si
669 2858 696 2918 is
718 2857 869 2937 magister
890 2854 972 2917 hano
995 2857 1169 2918 oratIonem
1191 2854 1364 2937 habuisset,

192 2968 244 3030 oui
266 2967 374 3029 solrola
397 2966 451 3029 illa
478 2985 572 3029 aurae
603 2984 746 3028 summae
776 2965 844 3028 fuit
889 2965 1010 3028 Vereor
1040 2967 1150 3048 igitur,
1179 2985 1219 3028 ne
1250 2986 1362 3049 parum

192 3081 301 3158 gratus
331 3076 477 3138 videatur
507 3078 548 3156 ie,
580 3077 637 3158 qui
663 3081 734 3159 post
759 3080 902 3140 maxima
928 3075 1083 3140 benefioia
1105 3083 1233 3161 aecepta
1254 3078 1294 3140 de
1315 3080 1363 3142 in-

192 3186 365 3268 dulgentfis
398 3186 469 3248 aliis
502 3185 627 3248 loeutus
661 3186 716 3249 illa
748 3187 842 3270 plane
875 3188 1002 3250 silentio
1036 3189 1265 3271 praetermittit.
1310 3191 1362 3252 An

192 3296 362 3361 Maeniana
383 3301 451 3359 tum
474 3294 617 3359 nondum
635 3297 811 3359 instaurata
831 3297 931 3360 fuisse
953 3297 1121 3361 dieamus?
1166 3297 1281 3361 Nonne
1296 3302 1365 3362 tum

192 3409 393 3490 potissImum
415 3409 449 3469 iu
473 3407 614 3469 oratione
632 3405 723 3471 VIII.
738 3412 842 3470 orator
864 3427 921 3490 pro
943 3408 1053 3470 schola
1074 3427 1133 3471 sua
1154 3411 1366 3491 peroravisset

193 3523 289 3601 atque
310 3519 487 3601 petivisset,
510 3517 669 3600 siquidem
688 3518 866 3582 Eumenius
889 3518 957 3602 ipse
979 3518 1061 3582 suit?
1105 3520 1154 3580 Ao
1177 3537 1217 3582 ne
1240 3520 1271 3581 in
1297 3539 1366 3583 ora-

193 3629 335 3692 tionibus
355 3629 404 3700 V,
434 3628 499 3709 Vl,
529 3627 612 3708 VII,
642 3627 701 3691 IX.
729 3629 794 3692 ullo
821 3629 891 3692 loeo
913 3627 1157 3692 Maenianorum
1178 3631 1366 3692 instauratio

193 3743 465 3802 commemoratur.

279 3849 365 3913 Illud
387 3868 462 3913 vero
485 3850 724 3913 eoncedendum
746 3854 807 3930 est,
840 3850 874 3912 in
907 3848 1056 3911 omnibus
1087 3849 1137 3910 his
1170 3849 1367 3913 orationibus

194 3979 362 4024 commuue
385 3960 546 4042 quoddam
569 3961 673 4024 inesse
695 3965 726 4022 et
747 3960 902 4022 sermonis
925 3963 955 4021 et
977 3959 1111 4021 rationis
1132 3977 1247 4041 genus,
1282 3959 1368 4042 quod

194 4089 256 4151 ene,
279 4072 335 4152 qui
357 4070 476 4152 legunt,
497 4070 590 4132 facile
612 4069 652 4134 ad
675 4090 744 4133 earn
767 4066 951 4153 opinionem
973 4070 1092 4144 iuoitet,
1114 4073 1150 4131 ut
1163 4068 1203 4131 ab
1217 4089 1283 4131 uno
1296 4069 1368 4133 illas

195 4198 304 4242 omnes
326 4181 458 4263 scriptas
480 4199 548 4243 esse
571 4185 689 4263 putent.

280 4291 429 4353 Attamen
452 4309 492 4352 ex
514 4292 584 4373 pari
604 4309 720 4373 genere
743 4290 870 4353 dioendi
892 4290 987 4353 etiam
1007 4286 1253 4352 similitudinem
1269 4307 1369 4369 quan-

195 4401 267 4464 dum
282 4403 437 4465 sermonis
461 4407 560 4465 ortam
583 4421 660 4485 esse,
682 4403 760 4464 mihi
784 4401 913 4484 quidem
936 4421 1001 4464 non
1022 4407 1088 4464 tarn
1102 4401 1220 4462 mirum
1234 4399 1369 4479 videtur,

1162 4503 1174 4552 1
1183 4499 1198 4533 ἡ
