3236 4910
628 277 761 348 Ι13

45 523 47 528 ,
157 488 285 552 Seeckii
307 490 470 552 sententia
492 489 672 553 adiuvetur.
719 489 780 552 Cui
801 494 910 553 autem
931 487 1087 552 Seeekius
1110 489 1327 573 persuadebit,

157 601 334 664 orationem
360 600 397 662 V.
431 619 470 663 eo
499 599 552 662 die
581 600 721 663 habitam
749 620 836 682 esse,
870 618 934 682 quo
962 599 1143 662 Constantii
1169 618 1212 663 ex
1234 598 1328 663 ltalia

157 711 352 773 revertentis
366 710 554 774 comitatum
569 709 794 773 adolescentes
807 710 903 774 hilari
917 729 1078 773 consensu
1103 711 1328 792 susciperent?

158 839 231 882 eum
242 819 1101 900 11111111111101101111111(11011110111111111111ιί0
1113 819 1222 883 habita
1234 821 1327 903 quid-

158 947 253 1009 quam
276 930 404 1010 legatur
426 943 533 1010 neque
556 929 657 992 oratio
678 929 718 993 V.
742 950 780 994 ea
803 932 855 1010 sit,
886 948 950 1011 qua
971 929 1198 994 advenientem
1221 930 1329 994 Aedui

157 1042 323 1120 suscipere
349 1045 483 1122 possent
513 1041 765 1122 imperatorem?
803 1060 877 1103 narn
905 1040 944 1104 de
972 1042 1090 1105 itinere
1125 1040 1328 1122 Alpibusque

159 1151 318 1234 superatis
332 1150 413 1213 nihil
427 1149 557 1232 legitur,
579 1150 678 1213 verba
692 1156 800 1214 autern
818 1152 902 1233 (133,
917 1152 981 1233 22),
1006 1151 1201 1233 „hodiernae
1216 1157 1328 1234 gratu·
1393 1235 1399 1244 .

157 1261 308 1324 11110111ιι
331 1261 494 1342 pertinere
516 1260 668 1324 videntur
690 1261 729 1324 ad
753 1262 839 1324 diem
861 1262 992 1344 festum,
1015 1263 1036 1325 i.
1052 1282 1079 1324 e.
1103 1261 1143 1325 ad
1165 1261 1329 1326 Kalendas

159 1371 301 1453 Martiae,
325 1388 519 1451 quamquam
542 1391 605 1434 non
629 1391 764 1435 neeesse
786 1377 836 1435 est
858 1372 1000 1452 eredere,
1026 1371 1097 1435 Kal.
1112 1371 1236 1436 Martiis
1250 1374 1329 1454 ipsis

158 1483 337 1545 orationem
361 1480 399 1544 V.
423 1500 495 1544 esse
522 1482 678 1562 habitam,
713 1499 787 1545 eum
819 1481 989 1545 exordium
1020 1485 1148 1546 tautum
1174 1481 1231 1544 ille
1259 1482 1329 1546 dies

158 1593 277 1656 oratori
310 1591 437 1655 dedisse
471 1592 631 1674 videatur,
669 1597 706 1656 ut
739 1598 828 1656 reete
863 1591 1018 1656 Seeckius
1052 1593 1213 1674 exposuit.
1264 1591 1331 1655 Gur

158 1709 266 1766 autem
297 1702 507 1766 Constantius
532 1708 705 1785 perorante
732 1709 860 1767 oratore
889 1704 928 1766 V.
957 1704 1099 1784 steterit,
1133 1721 1197 1765 uon
1227 1703 1329 1766 habeo

158 1813 339 1896 explicare,
373 1814 435 1876 nisi
463 1818 542 1895 putu
565 1812 789 1876 Corrstantium
819 1833 882 1896 qua
905 1817 974 1876 erat
996 1812 1096 1874 animi
1118 1813 1329 1894 benignitate,

159 1924 292 1988 Aeduos
319 1942 496 2004 eorumque
524 1929 682 1987 oratorem
713 1925 833 1987 bonore
862 1923 999 2004 quedam
1023 1921 1154 1985 afficere
1177 1922 1329 2005 voluisse,

159 2041 197 2098 ut
230 2055 245 2096 a
279 2034 410 2097 Juliaue
442 2051 570 2113 quoque
613 2034 734 2098 laetum
768 2054 840 2098 esse
874 2039 981 2098 orator
1012 2031 1225 2097 Mamertinus
1255 2031 1329 2117 (XI,

159 2145 232 2227 268,
255 2145 312 2225 22)
334 2145 506 2238 praedicat.

245 2254 414 2318 Arminius
437 2260 547 2318 autem
570 2255 722 2317 Saohsius
746 2256 778 2336 (p
817 2256 867 2338 16)
889 2255 970 2318 illud
994 2255 1168 2336 „trophaea
1181 2251 1328 2318 Niliaea“

160 2367 212 2448 (V,
248 2365 317 2448 135,
360 2364 412 2446 13)
445 2370 578 2447 prepter
610 2365 794 2428 Achilleum
825 2366 1009 2429 subiectum
1039 2385 1103 2428 non
1133 2363 1330 2428 laudandum

161 2496 233 2540 esse
256 2481 377 2558 censet,
402 2495 497 2558 „eum
519 2476 583 2540 alia
606 2494 733 2558 quoque
758 2476 842 2539 bella
864 2475 930 2539 illis
943 2475 1144 2558 temporibus
1159 2476 1193 2538 in
1209 2475 1329 2558 Africa,

161 2605 236 2650 oum
258 2586 449 2667 Blemylbus
471 2586 608 2666 aliisque
631 2586 784 2669 gentibus
805 2595 899 2668 gesta
919 2605 991 2650 esse
1014 2585 1185 2649 sciamus“.

243 2697 384 2761 Ruinam
413 2717 488 2761 vero
516 2698 707 2780 Carporum,
741 2716 838 2778 quam
860 2696 984 2761 ldatius
1011 2717 1094 2760 aune
1121 2697 1329 2761 ‘arefactam

161 2825 232 2871 esse
261 2807 374 2889 tradit,
408 2826 483 2870 eum
513 2810 695 2890 proximam
728 2809 830 2871 fuisse
863 2813 976 2871 aueter
1009 2809 1141 2887 quintae
1174 2808 1330 2870 orationis

160 2917 262 3000 dieat,
297 2918 430 2981 Saehsio
464 2938 535 2981 earn
566 2920 744 2982 orationem
768 2938 851 2981 anuo
874 2919 1075 2998 insequenti,
1109 2918 1142 2981 id
1168 2922 1233 2999 est,
1267 2917 1329 2981 296

161 3029 381 3107 composuisse
404 3027 542 3091 videtur.

247 3135 329 3199 Nam
352 3157 394 3200 ex
416 3137 537 3220 ordino,
561 3158 624 3219 quo
648 3139 759 3202 laudes
782 3138 962 3202 Constantii
980 3143 1210 3219 memorentur,
1233 3155 1330 3218 appa·

161 3266 246 3328 rere,
289 3249 416 3311 ruinam
450 3248 626 3330 Carporum
659 3249 777 3312 saetam
810 3269 882 3312 esse
915 3255 988 3331 post
1021 3249 1174 3331 trophaea
1206 3245 1332 3310 Niliaca

161 3364 333 3439 reportata.
361 3357 460 3423 Putat
474 3359 573 3440 igitur
588 3358 751 3441 Saohsius,
765 3358 837 3422 fieri
851 3379 914 3421 non
930 3360 1085 3442 potuisse,
1101 3363 1138 3422 ut
1150 3356 1209 3422 lll.
1224 3363 1332 3420 orator

161 3468 194 3529 in
226 3469 454 3532 enumerandis
485 3469 581 3532 rebus
613 3470 715 3551 gestis
746 3469 786 3531 de
818 3475 963 3552 tempore
994 3473 1126 3533 erraret.
1174 3468 1218 3530 At
1245 3469 1332 3530 enim

161 3576 334 3658 Blemyurn
356 3578 478 3642 bellum
500 3599 565 3642 nen
589 3578 621 3641 id
644 3583 723 3660 orat,
746 3597 810 3660 quo
833 3560 1330 3660 10111110,,110111111Ν111111“

161 3693 420 3770 reportarentur,
454 3691 574 3771 quippe
604 3709 685 3769 gens
715 3688 773 3751 illa
799 3707 857 3769 pro
884 3688 1022 3752 Romani
1050 3689 1176 3770 imperii
1208 3691 1331 3771 magui·

163 3796 276 3862 tudine
302 3799 439 3863 debilior
464 3805 498 3864 et
523 3819 636 3881 parum
663 3804 734 3863 erat
758 3799 911 3863 timenda.
958 3798 993 3862 Si
1015 3799 1088 3879 quis
1110 3797 1220 3862 Nilum
1244 3819 1331 3862 eom-

162 3912 329 3991 memorat,
352 3909 540 3991 Aegyptum
562 3912 664 3992 ipsam
686 3911 720 3972 in
743 3911 849 3972 animo
868 3909 973 3992 habet,
997 3930 1059 3973 non
1075 3914 1204 3993 gentem
1218 3929 1332 3990 vagam

162 4037 376 4101 rapaeemque
407 4025 504 4100 atque
536 4021 569 4082 in
597 4020 735 4084 desertis
766 4018 892 4083 Nubiae
918 4020 1117 4083 habitantem
1143 4038 1239 4098 quarn
1266 4015 1333 4080 Nili

162 4129 248 4210 ripas
279 4130 460 4193 aeeoluisse
490 4132 524 4193 in
547 4131 651 4194 Gallia
678 4131 816 4196 fortasse
843 4136 956 4195 uotum
985 4149 1050 4193 non
1073 4134 1143 4193 erat
1166 4131 1215 4211 (ut
1237 4127 1332 4190 audio

166 4237 236 4322 115,
271 4239 312 4320 7).
357 4239 545 4304 Statuamus
567 4242 669 4323 igitur
691 4240 789 4304 verba
811 4241 985 4323 „trophaea
1002 4239 1146 4304 Niliaea“
1169 4239 1332 4321 pertinere

163 4349 204 4413 ad
227 4349 411 4432 „positum“
435 4348 579 4434 Aegypti
600 4351 704 4434 ipsius
727 4350 911 4432 „furorem“
935 4351 1004 4434 (lv,
1040 4351 1114 4438 131,
1141 4343 1206 4432 111),
1239 4365 1332 4434 prae-
