3236 4910
855 289 876 369 i

356 497 405 576 Aa
428 512 467 576 dc
488 511 698 594 scriptoribus
721 511 873 574 historiae
886 513 1053 594 Augustae
1074 527 1148 571 cum
1164 495 1226 571 viri
1241 495 1449 572 illustrissimi

273 599 450 686 Dessauius
473 628 504 685 et
525 621 756 685 Mommsenius
779 622 923 712 (Hermes
938 616 997 702 24,
1030 619 1089 683 337
1114 640 1153 682 ss.
1177 657 1218 665 ——
1236 617 1293 700 25Ἀ
1314 618 1376 681 229
1398 619 1449 698 ss.)

271 735 357 796 viam
391 733 522 796 Seeckio
559 733 744 816 patefecisse
785 724 975 813 videantur,
1021 731 1206 814 panegyrici
1238 728 1344 792 Latini
1379 735 1452 792 ante

273 841 440 906 Seeckium
472 863 490 905 a
520 844 631 906 multis
658 844 737 905 viris
766 842 866 904 doctis
894 832 939 903 in*
954 842 1040 904 bunc
1066 841 1197 904 modum
1220 841 1346 903 tractati
1368 844 1452 921 sunt,

271 958 308 1015 ut
334 973 407 1036 pars
434 972 544 1016 eorum
572 953 708 1036 singulis
736 952 914 1016 oratoribus
942 950 1186 1034 adscriberetur,
1219 970 1293 1035 pars
1321 951 1378 1013 uni
1403 949 1452 1012 vel

273 1062 399 1125 duobus
432 1065 600 1146 magistus
667 1063 750 1126 Nam
784 1064 930 1145 plerique
964 1065 1174 1147 panegyricos
1209 1062 1292 1142 (edit.
1327 1060 1450 1139 Baehr.)

272 1151 449 1236 secuudum
473 1177 503 1235 et
525 1175 654 1236 tertIum
677 1174 811 1255 antiqua
833 1174 1040 1256 inscriptione
1064 1173 1151 1236 ducti
1170 1172 1360 1235 Mamertino
1384 1172 1451 1234 cui-

274 1283 345 1345 dam
377 1284 495 1346 minori
526 1282 685 1364 tribuunt,
720 1287 869 1365 quartum
901 1283 1016 1347 deinde
1047 1302 1120 1347 cum
1149 1284 1274 1365 quinto,
1308 1282 1451 1364 septime,

275 1398 386 1455 octavo
410 1392 562 1456 Eumenii
585 1392 890 1476 Augustodunensis
909 1412 977 1456 esse
1002 1398 1116 1477 putant
1136 1391 1319 1454 Liuineium
1342 1390 1451 1470 secuti,

274 1509 401 1566 sextum
434 1509 464 1566 et
494 1522 617 1565 nonum
648 1504 841 1566 incertorum
874 1507 1040 1566 auctorum
1067 1523 1135 1567 csse
1161 1503 1340 1566 voluerunt.
1385 1499 1451 1563 Nec

272 1633 348 1676 vero
372 1612 411 1676 de
424 1613 575 1676 Eumenii
591 1613 788 1676 orationibus
802 1616 1008 1695 consentitur,
1032 1635 1128 1697 quam
1150 1632 1217 1676 rem
1232 1613 1261 1676 S.
1276 1611 1451 1674 Brandtius

273 1723 462 1802 (Eumenius
477 1743 540 1786 von
553 1723 827 1806 Augustodunum
845 1723 927 1788 1882
940 1745 969 1808 p.
984 1725 1014 1800 3)
1034 1726 1191 1806 exposuit.
1236 1702 1450 1784 Arntaenium

273 1835 358 1896 enim
370 1835 527 1897 minorem
538 1834 714 1898 Brandtius
726 1836 811 1915 (nam
824 1837 886 1918 ipsi
898 1835 977 1915 mibi
990 1836 1059 1898 eius
1071 1834 1221 1897 editionis
1233 1831 1451 1914 inspiciendae

275 1964 339 2006 non
371 1944 433 2007 fuit
463 1945 565 2026 copia)
599 1943 796 2008 dubitavisse
837 1949 944 2008 narrat
982 1945 1157 2008 orationem
1187 1943 1261 2006 VII.
1291 1941 1450 2004 Eumenio

273 2054 421 2135 tribuere,
443 2053 690 2133 Bernhardyum
714 2056 860 2136 quintam
883 2059 914 2118 et
933 2055 1108 2137 septimam,
1132 2055 1210 2117 alios
1233 2055 1320 2115 viros
1342 2051 1451 2114 doctos

278 2163 364 2228 alias.
398 2165 427 2227 J.
442 2163 685 2226 Burclrbardtus
699 2163 771 2244 (Die
785 2164 853 2227 Zeit
867 2164 1071 2228 Constantius
1085 2166 1141 2228 des
1156 2164 1333 2246 caussam),
1356 2182 1450 2245 quern

275 2276 295 2339 l.
310 2275 329 2338 l.
345 2273 518 2338 Brandtius
541 2274 693 2357 nominat,
716 2273 755 2337 dc
772 2274 827 2338 VI.
843 2276 985 2339 oratione
1007 2277 1075 2359 ipse
1097 2275 1295 2339 dubitavisse
1316 2273 1452 2354 videtur,

276 2406 351 2448 narn
379 2405 449 2447 eam
475 2405 504 2468 p.
528 2384 568 2448 76
597 2383 700 2448 adnot.
723 2383 744 2447 4
771 2389 923 2467 tanquam
947 2384 1180 2448 Eumenianam
1203 2385 1305 2465 affert,
1336 2405 1365 2467 p.
1388 2383 1451 2447 314

277 2498 348 2560 adn.
374 2497 389 2558 1
414 2495 532 2558 Incerti
554 2497 784 2578 panegyricum
806 2497 950 2579 appellat.
993 2495 1033 2559 H.
1057 2495 1230 2558 Scbillerus
1253 2494 1452 2576 (Gescbicbte

276 2608 332 2669 der
354 2611 432 2668 rdm.
456 2603 634 2667 Kaiseraeit
656 2605 699 2682 ΙΙ)
723 2625 751 2687 p.
774 2606 810 2667 31
839 2607 944 2669 adn.3
968 2608 1112 2688 quintam
1136 2607 1311 2668 orationem
1333 2604 1451 2667 Incerti

275 2736 344 2780 esse
367 2716 452 2796 dicit,
475 2715 547 2777 aliis
569 2714 648 2776 locis
661 2714 821 2778 Eumenii.
865 2716 970 2779 Etiam
986 2716 1076 2779 VIII.
1091 2718 1190 2779 oratio
1213 2737 1242 2798 p.
1264 2715 1324 2778 125
1346 2714 1451 2778 adnb

275 2826 393 2889 Incerti
417 2844 485 2888 esse
508 2825 633 2900 dicitur,
658 2845 740 2906 quae
762 2846 781 2887 a
793 2825 955 2907 plerisque
977 2825 1135 2888 Eumenio
1158 2826 1317 2888 tribuitur.
1362 2825 1450 2888 Idem

276 2936 449 2999 Schillerus
478 2934 652 2998 orationem
676 2934 731 2998 VI.
760 2955 788 3018 p.
807 2914 872 2998 '127
902 2936 972 2999 adn.
997 2936 1013 2999 7
1043 2942 1074 2999 ct
1096 2936 1169 2999 VII.
1197 2957 1225 3018 p.
1254 2935 1311 2999 128
1338 2936 1409 2998 adn.
1431 2935 1452 2998 4

275 3047 393 3110 Incerti
416 3063 496 3130 opus
519 3045 663 3128 appellat.

362 3158 442 3219 Iure
465 3158 563 3239 igitur
578 3155 752 3219 Brandtius
769 3157 861 3239 dixit,
883 3158 978 3220 etiam
1002 3156 1040 3220 de
1062 3158 1265 3240 panegyricis
1278 3157 1452 3222 V.-VIII.

277 3268 382 3331 adhuc
414 3287 477 3329 non
511 3268 691 3330 consentiri.
735 3266 809 3329 lani
839 3287 914 3330 vero
942 3268 1028 3350 quod
1057 3268 1096 3331 ad
1124 3269 1333 3350 panegyricos
1356 3268 1397 3332 II.
1423 3273 1453 3330 et

277 3377 336 3440 IlI.
360 3379 486 3459 atticet,
520 3382 593 3440 ante
616 3376 784 3440 Seeckium
810 3397 895 3440 unus
923 3379 1030 3440 extitit
1055 3377 1096 3440 H.
1119 3376 1276 3440 Rueblius
1303 3378 1353 3458 (dc
1385 3377 1453 3440 XII

277 3489 480 3572 panegyricis
494 3486 616 3550 Latinis
631 3487 906 3570 propaedeurnata,
921 3488 994 3550 diss.
1005 3487 1184 3571 Grypbisw.
1201 3487 1283 3552 1868
1297 3509 1326 3572 p.
1342 3488 1380 3551 18
1393 3494 1453 3568 ss).

279 3600 335 3682 qui
359 3598 398 3662 ab
421 3599 531 3662 codem
550 3604 678 3662 auctore
698 3618 751 3662 eos
764 3599 898 3681 scriptos
912 3616 980 3660 esse
993 3603 1131 3680 negaret,
1155 3619 1250 3680 quam
1265 3600 1452 3662 sententiam

279 3728 297 3771 a
325 3708 477 3770 Teuffelio
508 3707 670 3772 laudatam
712 3727 780 3772 esse
822 3708 915 3771 video
944 3707 1143 3786 (Gescbicbte
1181 3709 1237 3773 der
1263 3713 1340 3774 riim.
1367 3709 1455 3773 Litt²

283 3820 310 3899 ς’.
334 3816 394 3880 387
420 3816 491 3881 adn.
513 3818 541 3880 4.

365 3927 453 3991 Haec
464 3927 529 3991 fere
543 3930 651 4012 opinio
664 3933 731 3992 erat
742 3929 921 3992 communis
934 3928 973 3991 de
984 3929 1168 3992 auctoribus
1180 3933 1454 4014 panegyricorum,

281 4058 354 4102 cum
369 4037 399 4101 S.
414 4038 589 4101 Brandtius
602 4039 748 4102 libellum
762 4040 853 4102 illum
877 4038 985 4121 edidit,
1007 4042 1060 4102 cui
1083 4041 1187 4103 adbuc
1209 4061 1334 4129 summa
1348 4041 1453 4106 habita

280 4154 328 4212 est
341 4148 434 4226 fides3
459 4147 502 4228 (O.
518 4148 651 4230 Sittlius,
672 4148 909 4212 labresbericbt
925 4149 1005 4212 iiber
1019 4150 1070 4214 die
1084 4152 1206 4233 spiitlat.
1223 4152 1454 4233 Schriftstellcr,

281 4258 428 4322 Bursian.
445 4257 537 4340 1889,
559 4259 582 4322 I.
597 4279 626 4342 p.
640 4258 701 4337 27).
745 4260 853 4341 Atque
876 4264 912 4324 ut
933 4260 1071 4324 breviter
1090 4281 1171 4343 quae
1185 4262 1332 4326 Brandtii
1347 4264 1454 4346 opinio

281 4370 331 4444 sit,
354 4388 521 4452 exponam,
555 4375 650 4454 negat
672 4370 811 4452 omnino,
844 4371 943 4434 ullam
966 4370 1139 4434 orationem
1163 4376 1286 4455 praeter
1309 4378 1454 4456 quartam
