3236 4910
811 267 876 332 38,

246 477 426 559 fructus,
458 475 633 556 habitus,
677 476 869 558 impetus,
912 477 1142 558 ingressus,
1186 469 1422 554 interitus*,

246 590 402 670 iussus,
425 591 572 669 metus,
607 589 743 668 nutus,
766 585 992 668 occursus*,
1017 583 1246 665 quaestus*,
1270 601 1423 663 censue,

248 700 374 779 sinus,
419 698 542 780 situs,
577 695 731 778 sonus*,
767 699 955 781 spiritus,
991 693 1153 776 status*,
1190 693 1423 777 strepitus*,

247 811 461 890 transitus,
492 807 643 888 vultus,
678 808 796 887 quibus
820 808 937 872 additis
960 825 1116 870 numerus
1139 806 1275 888 triginta
1297 810 1424 888 septem

248 921 524 983 substantivorum
555 919 735 1000 completus
768 923 832 1004 est,
865 938 928 1001 quc
959 919 993 981 in
1024 935 1159 980 numero
1190 916 1303 980 decem
1334 916 1421 998 apud

251 1049 350 1094 unum
372 1029 569 1094 Eumenium
591 1031 756 1114 leguntur.

334 1140 386 1204 Ex
408 1142 447 1204 V.
470 1142 666 1224 panegyrico
696 1142 776 1204 haec
802 1139 1122 1223 duodequadraginta
1153 1138 1316 1202 afferenda
1349 1142 1427 1201 sunt

252 1248 1426 1336 exempla:accessus*,aditus,adventus,aestusamplexus,

253 1365 468 1448 anhelitus,
491 1363 742 1447 apparatus*,
766 1361 1001 1446 circuitus*,
1026 1380 1257 1444 consensus,
1281 1361 1426 1443 cultus,

254 1475 438 1557 dilectus,
462 1475 683 1558 discursus,
707 1475 866 1559 ductus,
890 1474 1082 1556 effectus,
1106 1476 1293 1554 eventuS,
1317 1491 1427 1534 ener-

255 1587 376 1667 citus,
411 1587 563 1669 exitus,
597 1586 768 1670 fluctus,
800 1585 1021 1668 hortatus*,
1057 1587 1244 1666 impetus,
1280 1584 1428 1664 iussus,

255 1701 416 1779 meatus,
440 1701 579 1782 metus,
602 1696 812 1779 monitus*,
836 1698 956 1780 nisus,
979 1700 1108 1778 nutus,
1132 1698 1256 1777 crtus,
1276 1697 1429 1776 partus

255 1808 470 1890 perticus*,
493 1813 638 1892 pertus,
661 1809 812 1893 pulsus,
834 1813 1033 1891 receptuS,
1056 1804 1281 1888 recursus*,
1305 1807 1430 1886 sinus,

258 1920 376 2001 situs,
409 1920 624 2002 transitus,
659 1938 767 2000 usus,
802 1919 954 1999 vultus,
989 1938 1031 1981 ex
1054 1917 1172 1998 quibus
1195 1921 1321 1998 septem
1345 1915 1431 1999 apud

256 2029 399 2110 reliquos
423 2033 567 2094 crateres
590 2030 844 2112 conteguntur.

342 2137 440 2221 Apud
455 2138 510 2204 VI.
526 2145 695 2224 oratorem,
711 2141 767 2221 qui
780 2159 882 2204 unum
897 2138 1083 2222 exemplum
1098 2139 1330 2203 tribunatus
1342 2138 1431 2203 solus

259 2249 420 2334 adhibuit,
449 2251 529 2315 haec
552 2256 683 2316 exstant
705 2253 855 2334 exempla
876 2253 993 2335 viginti
1016 2252 1095 2314 duc:
1129 2250 1324 2332 affectus,
1358 2269 1432 2312 am-

260 2360 417 2445 plexus
440 2369 639 2446 aspectus,
664 2383 816 2447 cursus,
840 2363 1058 2445 discursus,
1082 2362 1298 2444 exercitus,
1317 2362 1434 2442 gemi·

262 2475 342 2555 tus,
365 2472 538 2556 13111113,
562 2475 786 2558 ingressus,
809 2480 954 2557 11131113,
977 2478 1122 2560 motus,
1146 2477 1278 2554 natus,
1302 2476 1435 2554 nutus,

263 2601 447 2665 occasus,
484 2588 611 2666 ortus,
644 2578 801 2668 pulsus,
835 2590 1039 2668 recaptus,
1073 2583 1245 2665 reditus,
1281 2601 1437 2665 33113113,

262 2694 527 2776 tribunatus*,
550 2713 663 2778 usus,
686 2697 836 2760 vultus.

349 2803 423 2867 VII.
448 2804 564 2869 deinde
586 2811 694 2870 orator
719 2807 769 2871 113
796 2827 876 2871 113113
904 2813 953 2872 331
984 2806 1195 2871 substantivis
1225 2805 1442 2889 quadraginta

264 2917 422 3000 quinque,
456 2936 594 2999 querum
624 2938 740 2982 novem
772 2920 857 3003 apud
888 2939 964 2983 eum
986 2919 1091 2982 solum
1114 2919 1282 3001 leguntur:
1316 2922 1439 3000 actus,

266 3027 406 3110 aditus,
429 3027 628 3112 adventus,
652 3033 794 3121 aestus,
818 3029 998 3112 affectus
1021 3028 1198 3111 ambitus,
1218 3028 1439 3111 ascensus*,

267 3141 463 3221 aspectus,
498 3143 673 3222 conatus,
710 3159 937 3224 censensus,
965 3141 1283 3223 contemplatus*,
1315 3141 1440 3202 cruci-

267 3247 387 3330 atus*,
432 3248 577 3331 cultus,
622 3269 774 3334 currus,
820 3250 1439 3335 31113113,1111331113,3313331131,

269 3358 489 3441 excessus*,
505 3363 712 3445 exercitus,
727 3362 886 3447 fluctus,
898 3361 1072 3445 gradus*,
1084 3362 1248 3445 habitus,
1260 3359 1440 3442 halitus*,

268 3471 441 3553 haustus,
463 3471 624 3554 iactus*,
648 3474 825 3557 impetus,
848 3474 1111 3556 magistratus,
1128 3477 1287 3554 meatus,
1304 3476 1440 3554 11131113,

270 3585 730 3667 motus,nutus,0rnatuS,
746 3587 1023 3669 ortus,p0rtus,
1037 3583 1233 3667 questus*,
1248 3586 1440 3664 receptus,

270 3691 432 3774 reditus,
449 3698 662 3778 respectae,
680 3713 826 3779 sensus,
840 3697 1013 3779 spiritus,
1026 3713 1244 3778 successus,
1256 3697 1441 3777 sumptus,

270 3803 473 3887 transitus,
496 3823 599 3890 usus,
621 3807 765 3872 vultus.

358 3911 452 3988 Quod
473 3913 513 3976 ad
534 3915 626 3981 VIH.
640 3919 873 4000 panegyricum
896 3920 1021 4001 attinet,
1044 3920 1124 3982 haec
1146 3921 1271 4002 septem
1293 3914 1443 3996 exempla

274 4024 428 4088 Sachsius
440 4027 563 4090 attulit:
587 4027 725 4112 aditus,
738 4035 954 4114 apparatus,
967 4031 1182 4111 comitatus,
1198 4030 1442 4105 commeatus,

274 4156 491 4220 consessus
516 4140 724 4225 exercitus,
747 4145 880 4224 metus,
913 4141 1030 4221 quibus
1052 4140 1275 4223 duodeviginti
1298 4138 1444 4204 addenda

278 4253 355 4313 sunt
389 4249 487 4312 haec:
532 4248 711 4334 affatus*,
754 4251 937 4332 affectus,
988 4251 1202 4334 amplexus,
1249 4253 1443 4334 aspectus,

277 4358 449 4442 census*,
486 4365 656 4445 conatus,
691 4361 855 4445 flexus*,
891 4361 1060 4444 habitus,
1097 4367 1258 4445 meatus,
1294 4366 1444 4443 partus,

1145 4617 1167 4648 O
