3236 4910
854 277 893 342 14

286 486 398 548 sertim
431 502 505 548 oum
539 483 737 566 „Aethiops“
773 503 838 547 666
875 485 956 566 „sub
990 479 1173 564 trophaeis“
1217 501 1236 542 6
1269 479 1460 560 Blemyibus

285 595 458 676 reportatis
486 595 720 676 intremuisset,
755 594 812 658 sed
844 593 961 676 gaudio
988 592 1241 674 tripudiavisset,
1272 611 1346 652 nam
1374 593 1462 654 inter

285 707 374 787 ipsos
389 704 542 786 Blemyes
565 711 598 767 ct
612 704 790 788 Aethiopes
813 705 936 788 proelia
958 704 1161 767 internecina
1175 701 1463 765 committebantur

286 814 358 897 (ΙΙΙ,
399 817 470 898 115,
504 815 522 878 7
552 813 619 898 ss).
664 813 707 878 111
739 833 802 896 666
825 816 896 876 iure
919 814 1027 877 dicere
1050 815 1156 894 potuit
1178 818 1286 876 orator
1308 812 1365 892 V.,
1399 811 1461 873 sub

286 927 449 1008 trophaeis
470 923 604 989 Niliacis
628 924 744 987 Indum
766 925 989 1005 intremuisse,
1026 925 1053 986 si
1077 923 1155 986 haec
1176 921 1276 984 verba
1298 921 1338 983 do
1361 940 1461 1002 parva

287 1036 344 1099 illa
366 1041 463 1120 gente
486 1035 659 1117 Blemyum
680 1034 808 1098 devicta
830 1035 917 1097 dicta
939 1036 1072 1097 essent?

216 1229 221 1240 ἦ
372 1145 474 1210 Recte
504 1147 606 1228 igitur
629 1145 758 1209 Sittlius
785 1145 932 1228 probavit
953 1143 1102 1207 Brandtii
1131 1143 1172 1224 (6.
1196 1139 1252 1224 38)
1275 1143 1460 1222 opinionem

287 1258 343 1339 qui
365 1257 457 1339 dixit,
481 1259 515 1319 in
538 1257 738 1320 orationibus
761 1254 815 1318 IV.
840 1261 873 1318 61
891 1256 929 1318 V.
952 1255 1039 1318 idem
1061 1254 1183 1316 factum
1205 1253 1459 1315 commemorari.

288 1365 378 1442 Quae
401 1369 429 1430 si
452 1372 540 1430 recte
562 1366 725 1450 disputata
748 1370 834 1448 sunt,
864 1367 982 1447 elucet,
1006 1385 1102 1446 quarn
1125 1364 1208 1426 bene
1232 1362 1360 1426 Sittlius
1384 1381 1460 1424 cou-

288 1478 401 1558 suerit,
424 1495 499 1539 eum
521 1476 654 1558 diceret,
678 1477 756 1538 nihil
782 1477 821 1538 de
844 1481 989 1557 tempore
1011 1474 1281 1556 panegyricerum
1301 1471 1357 1533 IV.
1373 1477 1406 1533 et
1420 1472 1459 1532 V.

288 1587 441 1669 contendi
462 1605 568 1668 66666,
592 1587 655 1648 6161
675 1586 718 1668 id,
742 1585 827 1666 quod
845 1587 1051 1648 verissimum
1066 1590 1126 1666 est,
1149 1583 1261 1647 eodem
1285 1582 1354 1645 fere
1377 1587 1461 1644 tem-

288 1715 365 1778 pore
396 1697 520 1760 habitas
547 1715 619 1760 esse
646 1696 719 1759 illas
747 1699 924 1776 orationem
958 1716 1041 1777 quae
1072 1697 1100 1759 si
1126 1694 1166 1758 ab
1189 1693 1302 1757 ecdem
1325 1698 1460 1757 auctore

289 1808 428 1889 scriptae
450 1812 570 1888 esseut,
597 1808 668 1888 pari
691 1827 840 1870 sermone
861 1806 1100 1888 verborumque
1122 1824 1186 1867 usu
1207 1803 1370 1884 florerent,
1403 1802 1460 1865 sed

289 1919 385 2001 longe
407 1918 503 1980 alitor
524 1937 593 1980 rem
617 1937 652 1980 se
674 1917 793 1980 habere
817 1937 914 2000 supra
937 1917 1014 1979 dixi.

374 2029 419 2091 At
434 2027 562 2091 Seeckii
576 2028 683 2109 opinio
707 2047 745 2090 ea
763 2030 822 2108 ost,
848 2032 883 2090 ut
906 2028 934 2090 si
957 2045 1020 2106 666
1042 2030 1133 2109 parte
1156 2042 1257 2086 unum
1280 2023 1460 2087 membrum

289 2140 359 2202 eius
374 2143 517 2220 catenae,
540 2157 604 2220 qua
617 2143 654 2200 ut
668 2157 742 2200 cum
756 2138 847 2201 verbi
861 2137 1006 2219 periculo
1021 2137 1143 2216 loquar,
1168 2153 1280 2197 omnes
1298 2136 1460 2197 orationes

287 2249 344 2312 ille
367 2249 532 2330 conexuit,
556 2247 735 2331 etrudatur,
759 2249 864 2312 omnis
879 2246 1048 2311 considere
1071 2244 1229 2326 videatur,
1252 2264 1325 2306 nam
1349 2247 1377 2306 61
1395 2265 1460 2308 666

198 2363 202 2372 “
287 2361 388 2424 oratio
412 2378 514 2440 eaque
536 2359 643 2422 medio
661 2359 732 2424 1666
746 2358 942 2422 1166661661
955 2357 1099 2439 corporis
1114 2355 1218 2436 666116
1233 2373 1295 2417 666
1309 2352 1462 2417 11666611

291 2489 363 2533 6666
384 2470 521 2534 dicenda
544 2476 603 2553 661,
637 2469 738 2554 (quod
765 2469 990 2533 adorationes
1014 2467 1070 2530 Vl.
1095 2471 1127 2529 et
1151 2464 1208 2528 IX.
1232 2465 1358 2546 attinet,
1390 2467 1460 2547 1666

289 2580 497 2644 conclusione
531 2599 613 2660 quae
646 2583 781 2644 vocatur
813 2579 961 2660 analogia
994 2598 1029 2641 se
1060 2597 1157 2640 usum
1186 2595 1259 2638 esse
1288 2574 1463 2638 confitetur

292 2689 473 2772 Seeclrius),
505 2710 568 2753 666
599 2691 663 2752 iam
695 2693 880 2772 causaest,
915 2709 973 2752 cur
995 2694 1162 2770 putemus,
1193 2703 1337 2765 unquam
1359 2685 1462 2746 fuisse

290 2801 417 2864 editum
440 2820 557 2882 corpus
579 2799 825 2864 Eumenianum.

783 3089 903 3186 Caput
929 3089 977 3162 ΙΙ.

627 3223 680 3291 Ile
702 3223 964 3290 decimationis
986 3222 1128 3290 formis.

377 3359 424 3424 De
438 3359 664 3423 declinationis
676 3361 798 3442 formiS,
813 3379 896 3441 quae
906 3359 991 3441 apud
1001 3360 1226 3441 panegyristae
1239 3357 1463 3437 inveniuntur,

291 3490 385 3534 nemo
416 3469 520 3534 adhuc
551 3469 749 3552 observavit,
784 3472 846 3533 nisi
878 3471 963 3550 quod
986 3469 1145 3532 lluehlius
1174 3470 1215 3551 (6.
1240 3468 1292 3548 30)
1323 3467 1464 3530 breviter

291 3581 568 3661 commemoravit,
604 3579 645 3662 ll,
680 3581 709 3664 6,
741 3580 774 3643 4·
793 3581 867 3664 (hoc
891 3586 941 3644 est
963 3603 992 3664 p.
1016 3579 1067 3662 94,
1099 3580 1136 3643 111
1160 3579 1312 3642 editionis
1335 3576 1463 3656 Baehr.)

290 3692 427 3755 formam
442 3693 595 3755 rariorem
610 3690 724 3755 deum
738 3712 796 3775 pro
811 3691 967 3755 deorum
981 3693 1118 3774 positam
1137 3709 1219 3774 esse,
1243 3693 1276 3752 et
1290 3687 1466 3750 Brandtius

292 3802 334 3882 (p.
358 3801 414 3882 20)
445 3803 564 3865 formas
593 3801 732 3866 Graecas
761 3801 952 3865 Heraclen
985 3801 1069 3882 (121,
1101 3800 1155 3879 30)
1187 3803 1220 3862 61
1251 3796 1466 3879 Pythiados

292 3910 380 3994 (127,
405 3911 456 3993 14)
480 3911 600 3975 attulit.

377 4019 446 4104 Ilgo
467 4043 544 4086 vero
566 4025 600 4085 16
623 4025 673 4105 116,
697 4041 779 4104 6666
802 4025 994 4103 sequuntur,
1017 4020 1057 4082 de
1073 4021 1223 4084 omnibus
1237 4019 1464 4082 declinationis

292 4131 405 4194 formis
427 4132 474 4194 ita
496 4151 603 4214 agam,
638 4139 676 4196 ut
698 4133 840 4213 omissis,
875 4150 958 4211 quae
985 4152 1003 4194 a
1031 4133 1196 4194 communi
1223 4149 1371 4194 somnone
1401 4148 1467 4191 non
1593 4161 1598 4180 ·

292 4240 480 4323 abhorrent,
508 4242 620 4305 formis
644 4263 698 4306 cas
721 4242 915 4324 adscribam,
950 4261 1032 4322 quae
1056 4242 1161 4306 rarius
1184 4241 1269 4323 apud
1292 4241 1467 4320 scriptores

293 4348 427 4414 Latinos
449 4352 614 4436 leguntur.
