3236 4910
837 273 875 337 12

268 477 419 540 bulorum
433 475 618 560 multitudo,
642 495 707 557 qua
720 475 898 544 Eumenius
913 481 946 543 in
960 480 1229 566 antecedentibus
1243 483 1443 548 orationibus

269 606 349 650 6666
372 591 452 668 erat,
476 593 572 650 aucta
594 593 692 670 esset,
714 588 748 654 id
770 590 855 670 quod
878 591 928 654 his
952 591 1111 673 exemplis
1132 593 1255 655 nemini
1277 594 1441 675 probatur.

354 695 383 761 4.
416 696 552 761 Formae
580 700 821 782 pronominum,
854 719 938 783 quae
966 706 1081 766 auctae
1111 708 1188 766 sunt
1213 723 1271 785 per
1302 703 1444 784 syllabas

271 813 378 891 ·met,
402 813 471 892 -te,
495 828 567 892 -ce,
590 809 710 874 desunt
732 810 816 891 apud
831 810 1026 876 Eumenium
1040 811 1152 897 (etiam
1176 814 1261 896 apud
1283 820 1443 878 oratorem

145 973 147 975 ,
272 917 391 1000 vni).

355 1028 385 1093 5.
409 1028 604 1092 Genetivum
627 1032 852 1112 pronominum
869 1033 1099 1117 personalium,
1123 1036 1177 1098 oui
1202 1035 1320 1100 obiecti
1343 1056 1443 1118 quae·

269 1139 342 1203 dam
364 1140 451 1204 inest
463 1141 522 1222 vis,
545 1139 636 1204 solus
650 1139 829 1207 Eumenius
852 1145 983 1208 omnino
1006 1146 1130 1209 vitavit.
1176 1145 1214 1208 In
1232 1149 1376 1210 oratione
1393 1148 1443 1230 V,

270 1268 354 1330 quae
386 1249 499 1314 eodem
543 1251 613 1315 fere
656 1256 802 1333 tempore
836 1254 946 1319 habita
979 1261 1043 1338 est,
1088 1257 1232 1338 quinque
1264 1257 1362 1318 huius
1395 1259 1443 1320 rei

269 1361 425 1443 leguntur
448 1362 607 1443 exempla.

356 1471 386 1534 6.
419 1470 599 1536 Eumenius
633 1473 894 1538 coniunctionem
928 1482 1156 1556 quamquam
1190 1495 1264 1538 cum
1287 1479 1442 1542 coniunc-

270 1583 338 1645 tivo
361 1583 539 1665 coniungit,
563 1583 602 1646 V.
627 1589 735 1647 orator
757 1603 831 1648 cum
854 1586 1039 1650 indicativo.

357 1693 386 1756 7.
420 1692 516 1780 Apud
547 1693 674 1756 nullum
705 1700 864 1759 oratorem
891 1701 1002 1761 tantus
1029 1696 1262 1790 gerundiorum
1289 1718 1445 1764 numerus

236 1836 238 1838 v
271 1802 401 1885 legitur,
424 1809 567 1882 quantus
589 1809 699 1868 exstat
720 1806 806 1886 apud
830 1805 1033 1890 Eumenium,
1056 1827 1119 1890 quo
1142 1809 1175 1871 in
1194 1828 1330 1872 numero
1344 1829 1444 1893 geno-

271 1915 331 1977 tivi
362 1913 586 1998 duodeviginti
618 1922 709 1997 sunt,
744 1917 862 1981 obiecti
894 1922 1003 1980 autem
1033 1921 1256 1982 accusativum
1282 1939 1441 2002 nusquam

270 2023 394 2088 addidit
408 2023 597 2110 Eumenius,
620 2045 695 2090 oum
718 2027 803 2108 apud
816 2027 854 2090 V.
877 2031 1037 2092 oratorem
1061 2029 1121 2111 bis,
1144 2028 1229 2110 apud
1245 2027 1301 2094 Vl.
1322 2032 1444 2111 septies

270 2135 324 2198 hio
346 2155 426 2201 usus
448 2139 643 2201 inveniatur.

358 2247 387 2310 8.
422 2246 509 2311 lllud
538 2255 581 2312 ut
602 2248 733 2332 audio,
767 2248 851 2331 quod
875 2250 1004 2331 saepius
1027 2250 1110 2331 apud
1133 2249 1276 2333 reliquos
1299 2256 1443 2314 oratores

269 2357 468 2421 inculcatum
492 2364 552 2439 est,
576 2359 681 2422 solum
704 2359 790 2442 apud
811 2359 1007 2423 Eumeniuur
1031 2381 1095 2424 non
1119 2361 1247 2444 legitur.

355 2466 447 2542 Quae
469 2470 577 2534 omnia
599 2471 627 2534 si
641 2471 897 2553 complectimur,
922 2471 1119 2535 contendere
1133 2491 1198 2534 non
1212 2471 1441 2554 dubitabimus,

270 2578 356 2660 quod
378 2578 553 2644 Brandtius
575 2582 698 2663 posuit,
733 2579 890 2644 Eumenio
919 2581 1117 2664 singularem
1140 2581 1347 2645 tribuendum
1370 2600 1443 2645 esse

270 2687 393 2769 locum,
428 2688 557 2754 Seeckii
586 2691 736 2771 opinione
768 2711 832 2754 non
864 2673 936 2757 6666
965 2693 1153 2756 refutatum.
1200 2691 1323 2755 Deinde
1356 2691 1442 2775 quod

272 2797 429 2863 Seeckius
451 2799 545 2883 dicit,
578 2802 613 2864 in
635 2803 781 2865 oratione
804 2802 843 2866 V.
868 2805 955 2886 (133,
988 2804 1006 2866 7
1030 2808 1064 2866 et
1089 2802 1159 2886 132,
1184 2802 1224 2865 lb
1246 2800 1304 2884 ss.)
1327 2803 1446 2886 respici

270 2908 310 2972 ad
332 2912 495 2974 orationes
517 2910 559 2974 Il.
584 2916 618 2975 et
638 2909 697 2976 Ill.
713 2910 911 2981 Maximiano
933 2919 1105 2995 praesento
1128 2913 1167 2976 ab
1185 2912 1298 2976 eodem
1312 2918 1444 2976 auctore

270 3021 406 3104 habitas,
437 3020 617 3086 Eumenius
640 3021 697 3104 IV,
724 3022 793 3105 118,
822 3023 859 3086 18
881 3025 1012 3101 refutat,
1045 3025 1101 3105 qui
1123 3024 1213 3105 dicit,
1248 3043 1283 3087 se
1307 3024 1341 3085 in
1364 3023 1444 3105 foro,

271 3133 291 3195 i.
307 3152 333 3196 6.
349 3133 479 3214 publice
501 3132 630 3196 dicendi
644 3134 817 3198 insolentia
830 3135 1023 3216 perturbari.
1071 3133 1134 3198 Eas
1148 3138 1258 3198 autem
1272 3134 1445 3214 orationes,

272 3262 352 3323 quas
365 3243 545 3308 Eumenius
564 3245 634 3327 ipse
656 3245 808 3308 habuisse
832 3264 867 3309 se
891 3245 989 3326 („non
1012 3244 1142 3308 dicendi
1165 3241 1345 3325 novitate“)
1368 3264 1445 3307 con·

270 3354 378 3418 fessus
392 3360 443 3418 est
456 3357 542 3419 intra
556 3355 737 3419 scholarum
751 3357 892 3437 parietes
906 3355 1076 3438 discipulis
1097 3359 1224 3419 tantum
1238 3355 1446 3420 audientibus

271 3464 394 3528 dixisse
417 3464 561 3548 videtur,
594 3485 668 3528 nam
696 3468 724 3530 si
747 3468 780 3529 in
802 3466 921 3548 palutio
944 3470 1116 3547 praesente
1138 3466 1332 3548 imperatore
1355 3484 1443 3547 pero-

271 3577 379 3659 rabat,
412 3577 525 3641 multis
555 3577 784 3642 assistentibus
812 3583 846 3641 ot
868 3585 1022 3658 tanquam
1044 3576 1173 3658 publice
1197 3580 1267 3639 erat
1288 3577 1446 3658 dictruus,

272 3686 305 3749 id
328 3687 414 3767 quod
437 3689 499 3752 sibi
520 3689 757 3770 perturbationi
779 3707 852 3752 6666
874 3688 945 3769 ipse
968 3685 1146 3769 profitetur.

357 3795 457 3862 Porro
479 3798 564 3879 quod
583 3799 739 3864 Seeckius
761 3800 941 3863 orationem
966 3799 1002 3860 V.
1027 3801 1102 3860 ante
1126 3795 1182 3860 lV.
1205 3796 1348 3860 habitam
1371 3815 1446 3860 esse

272 3907 390 3990 voluit,
424 3908 575 3990 equidem
598 3911 753 3990 temporis
776 3910 902 3972 ratione
925 3909 1024 3972 missa
1045 3908 1077 3970 id
1101 3908 1306 3989 potissimum
1330 3907 1447 3988 dicam,

272 4018 332 4081 hac
346 4018 535 4082 coniectura
549 4018 692 4082 ordinem
706 4021 849 4102 corporis
860 4018 1179 4102 Augustodunensis,
1194 4017 1280 4100 quod
1291 4017 1448 4081 Seeckius

272 4130 394 4212 posuit,
428 4129 593 4192 turbatum
621 4149 693 4193 osse
719 4130 818 4210 idque
847 4131 970 4194 facturn
998 4149 1070 4194 esse
1100 4149 1164 4191 non
1192 4129 1225 4191 in
1248 4127 1327 4210 fine,
1362 4125 1448 4206 quod

272 4238 402 4303 facilius
422 4237 494 4303 lieri
515 4244 642 4321 poterat
664 4238 717 4322 (cl.
743 4237 804 4304 lIl.
824 4245 858 4304 61
879 4239 938 4303 IX.
954 4241 1036 4304 falso
1059 4241 1130 4303 loco
1153 4238 1279 4302 additos
1302 4257 1447 4320 panegy-

272 4349 372 4432 ricos)
394 4349 452 4414 sed
473 4349 580 4414 media
600 4351 635 4415 in
657 4351 755 4432 serie,
789 4350 997 4436 quamobrem
1022 4350 1134 4414 dubito
1164 4367 1243 4414 num
1270 4349 1330 4414 hoc
1354 4347 1448 4412 modo
