3236 4910
822 275 862 338 10

255 480 423 562 intelliget,
452 481 528 543 huic
550 478 674 542 Seeohii
698 481 842 562 opinioni
864 479 949 542 haud
971 480 1016 541 ita
1038 497 1151 560 parvas
1174 496 1285 539 causas
1306 459 1426 564 obesse,

257 611 393 673 quarum
414 610 480 652 rma
501 593 549 652 est
570 589 655 670 haec,
680 610 776 672 quam
799 611 818 652 a
840 588 993 669 Brandtio
1016 610 1044 672 p.
1059 587 1100 650 24
1123 589 1186 649 iam
1209 587 1336 649 allatam
1359 607 1427 650 esse

255 700 358 781 video,
381 719 444 761 non
473 719 541 762 esse
567 704 688 780 notum,
713 719 792 762 num
813 699 992 762 Eumenius
1014 717 1117 781 usque
1139 697 1179 760 ad
1202 716 1275 760 eum
1298 717 1443 778 annum,

257 830 320 892 quo
343 811 443 873 oratio
466 809 556 872 VIII.
584 809 692 872 habile
719 815 778 891 est,
809 811 940 886 vixerit3
974 808 1088 884 deiude
1109 810 1227 870 mirum
1250 828 1318 871 esse
1339 813 1427 870 ratus

255 925 302 984 est
314 919 498 1002 Brandtius,
520 920 606 1003 quod
619 899 797 982 Eumenius
820 921 854 982 in
876 918 966 982 VIII.
986 921 1127 981 oratione
1140 938 1245 1001 neque
1258 918 1427 981 Maeniana

253 1050 359 1113 neque
390 1030 531 1093 officium
562 1050 657 1093 suum
688 1029 824 1093 docendi
854 1049 959 1113 neque
985 1029 1074 1111 prius
1100 1028 1182 1090 illud
1208 1029 1426 1110 magisterium

255 1131 423 1224 attigisset3
456 1147 524 1205 tum
555 1141 642 1204 haud
664 1143 709 1204 ita
731 1141 823 1204 facile
847 1144 934 1222 („nur
955 1138 1019 1201 Not
1041 1137 1150 1215 noch“)
1174 1138 1329 1220 intellegI,
1363 1158 1426 1220 qno

254 1251 348 1313 modo
372 1255 477 1313 orator
499 1250 590 1312 VIII.
614 1251 776 1332 orationis,
811 1252 868 1332 qui
890 1250 958 1332 ipse
984 1251 1019 1310 in
1046 1249 1135 1311 curia
1157 1253 1216 1329 est,
1249 1248 1426 1311 Eumenius

255 1361 420 1423 habendus
441 1361 496 1442 slt,
530 1381 602 1423 eum
630 1362 657 1423 is
684 1381 725 1424 ex
754 1360 851 1423 officii
874 1360 1027 1441 dignItate
1050 1359 1275 1422 decurionatus
1297 1377 1428 1421 munere

255 1490 378 1533 vacuus
401 1476 489 1534 esset.
535 1470 607 1533 Hoc
633 1471 727 1534 etiam
751 1471 855 1534 Sittlio
882 1469 1046 1553 probatur:
1081 1489 1138 1551 ego
1166 1488 1242 1531 vero
1270 1467 1350 1531 addo
1378 1468 1428 1530 his

257 1581 352 1644 aliam
367 1601 504 1663 causum,
515 1601 620 1664 neque
634 1586 719 1644 enlm
737 1580 948 1644 dubitandum
962 1585 1017 1659 est,
1038 1581 1117 1662 quin
1130 1565 1228 1642 verba
1242 1581 1323 1661 (pan.
1336 1577 1428 1658 VIII,

258 1691 328 1773 180,
354 1693 402 1769 10)
425 1696 478 1772 „ut
500 1711 600 1755 essem
623 1693 686 1754 ianr
708 1711 774 1754 non
796 1691 913 1773 priuati
935 1689 1033 1752 studii
1051 1689 1228 1752 litterarum
1244 1739 1249 1752 .
1265 1739 1271 1751 .
1286 1739 1292 1751 .
1307 1688 1427 1751 orator“

255 1802 335 1865 falso
358 1802 396 1864 ad
422 1801 563 1864 officium
585 1801 713 1885 publice
736 1779 871 1864 docendi
893 1803 1055 1881 cogantur,
1077 1819 1150 1861 nam
1174 1799 1255 1860 nihil
1277 1799 1365 1861 aliud
1378 1800 1428 1860 his

256 1911 364 1975 verbis
387 1912 634 1986 demonstratur,
668 1931 765 1994 qnam
786 1913 858 1992 hoc,
893 1908 985 1970 illum
1014 1909 1119 1970 virum
1143 1909 1241 1971 fuisse
1263 1910 1428 1990 rhetorem,

255 2043 335 2086 num
365 2043 441 2086 vero
472 2023 506 2084 in
533 2021 711 2086 Maenianis
741 2023 870 2085 functus
901 2021 955 2084 ille
986 2020 1114 2104 publico
1146 2019 1250 2082 officio
1278 2021 1428 2102 deerrarit,

257 2132 381 2214 dubim,
425 2152 498 2194 cum
542 2131 576 2193 id
618 2152 683 2194 non
727 2133 827 2214 possit
870 2132 1022 2214 appellari
1057 2131 1215 2212 „studIum
1252 2131 1428 2192 litterarum

257 2242 475 2324 privatum“.

342 2352 374 2415 Is
396 2352 524 2434 deinde,
548 2353 604 2435 qui
626 2352 854 2434 panegyricum
877 2351 935 2415 IX.
960 2351 1051 2432 dixit,
1074 2371 1107 2414 se
1131 2355 1203 2414 ante
1225 2351 1312 2412 bunc
1333 2369 1428 2432 pane·

256 2464 404 2545 gyricum
435 2463 514 2525 alios
545 2464 631 2543 (192,
664 2462 716 2539 20)
743 2461 893 2526 habuisse
924 2468 1032 2525 narrat
1058 2462 1112 2525 ille
1140 2462 1283 2544 quidem,
1317 2461 1373 2523 sed
1399 2480 1427 2542 p.

258 2572 333 2652 193,
356 2574 375 2634 6
407 2572 549 2635 studium
577 2593 672 2635 suum
699 2573 900 2652 „inchoatum
926 2573 1032 2655 potius
1056 2591 1152 2654 quam
1175 2571 1352 2635 erudItum“
1375 2590 1428 2652 ap·

257 2682 362 2765 pellat,
385 2682 470 2744 unde
492 2683 526 2744 id
548 2683 750 2765 potissimum
772 2683 925 2764 sequitur,
948 2687 983 2744 ut
1004 2687 1153 2764 putemus
1166 2681 1257 2743 illurn
1273 2687 1429 2744 oratorem

256 2793 356 2856 fuisse
386 2793 547 2856 hominem
579 2797 679 2856 aetate
706 2792 850 2854 nondum
878 2797 1063 2874 provectum
1090 2793 1254 2875 nimiaque
1275 2791 1430 2854 modestia

256 2903 435 2985 prachtum
458 2907 553 2985 atquc
575 2903 669 2985 longe
692 2901 834 2964 moribus
857 2902 1015 2985 disparem
1031 2903 1282 2985 dissimilemque
1297 2902 1429 2964 oratoris

258 3009 345 3092 VII,
378 3011 430 3073 hic
452 3012 537 3074 enim
562 3016 698 3093 quantae
719 3010 855 3074 fiduciae
878 3013 928 3075 sui
950 3013 1064 3093 plenus
1086 3012 1194 3093 fuerit,
1221 3011 1430 3094 intelligimus

257 3139 300 3194 ex
321 3121 381 3183 hoc
403 3121 472 3183 loco
496 3121 582 3202 (179,
615 3122 662 3200 10)
690 3121 801 3202 „multi
826 3123 943 3204 quippe
966 3142 1007 3186 ex
1029 3142 1079 3185 me
1101 3123 1164 3184 rivi
1185 3142 1251 3185 non
1273 3121 1430 3204 ignobiles

259 3230 373 3312 fluunt,
395 3231 489 3294 multi
512 3236 680 3296 sectatores
702 3234 766 3296 mei
788 3234 881 3296 etiam
897 3234 1079 3316 provincia-s
1093 3223 1428 3295 tuas'odministrand¹

254 3404 257 3409 .
344 3340 522 3405 Eumenius
555 3363 630 3406 vero
664 3345 731 3425 ipse
764 3344 858 3405 homo
892 3343 1145 3406 modestissImus
1178 3343 1239 3406 fuit
1271 3343 1356 3423 (113,
1393 3343 1430 3423 1),

258 3457 419 3534 praeterea
441 3473 525 3516 anno
548 3454 623 3534 313,
658 3473 721 3536 quo
747 3455 959 3536 panegyricus
981 3453 1040 3516 IX.
1062 3452 1190 3516 habitus
1213 3459 1267 3534 est,
1289 3454 1317 3516 si
1338 3455 1430 3529 vixit,

258 3561 324 3625 iere
346 3564 582 3646 quinquaginta
603 3582 660 3627 sex
684 3583 784 3626 annos
807 3569 901 3627 natus
923 3563 993 3646 luit,
1021 3564 1068 3644 (of.
1091 3563 1281 3626 Brandtium
1306 3585 1334 3647 p.
1357 3565 1377 3628 9
1400 3569 1430 3626 et

260 3672 346 3755 quod
368 3672 493 3737 SIttlius
516 3675 555 3737 ad
579 3675 664 3738 hunc
686 3674 834 3738 Brandtii
856 3674 963 3736 Iocum
987 3673 1133 3755 addidit),
1168 3695 1262 3756 quam
1296 3673 1336 3737 ob
1362 3693 1429 3738 rem

260 3782 403 3845 studium
433 3803 526 3846 suum
559 3805 623 3848 non
656 3785 766 3850 debuit
796 3783 954 3867 appellare
984 3784 1168 3846 Inchoatum
1199 3785 1306 3868 potius
1334 3805 1430 3868 quam

261 3893 430 3956 eruditum.
790 3959 800 3984 0

345 4002 424 4065 Iure
447 4003 562 4066 deinde
589 4003 758 4066 aSaohsio
782 4008 820 4086 (p.
842 4005 894 4083 32)
919 4005 1039 4068 dictrim
1062 4011 1120 4087 est,
1151 4007 1224 4070 VII.
1246 4008 1431 4091 panegyrici

260 4119 419 4176 auctorem
443 4111 580 4175 Graecos
604 4113 695 4196 quasi
718 4113 943 4195 despicientem
961 4117 1143 4180 nominasse
1162 4117 1246 4200 (175,
1267 4119 1319 4196 20)
1335 4117 1430 4181 Grae·

260 4209 357 4286 culos.
401 4221 474 4284 Non
498 4223 588 4285 aliter
611 4222 650 4285 de
673 4223 836 4286 Graeculis
858 4225 1001 4307 loquitur
1022 4231 1126 4288 orator
1147 4227 1215 4310 IX,
1237 4249 1265 4311 p.
1292 4229 1366 4312 197,
1396 4228 1428 4307 83

260 4331 439 4396 Eumenius
470 4338 574 4397 autem
609 4334 762 4396 familiam
795 4355 886 4398 suam
918 4337 1047 4400 natione
1078 4338 1229 4402 Graecam
1263 4359 1330 4403 esse
1363 4340 1431 4422 ipse
