3236 4910
671 973 790 1070 Caput
816 974 845 1045 Ι.

609 1123 659 1189 lle
682 1079 906 1190 auctoribus.

259 1258 349 1333 Quod
382 1260 542 1341 prioribus
570 1262 662 1322 annis
701 1261 775 1323 inde
813 1261 891 1324 all.
918 1262 956 1323 A.
983 1261 1093 1324 Wolfii
1122 1269 1222 1349 aetate
1250 1285 1344 1348 saepe

172 1372 205 1430 in
229 1371 315 1430 omni
338 1369 402 1432 fere
424 1389 539 1450 genere
561 1371 659 1433 studii
683 1372 868 1454 philologici
883 1371 1125 1454 litterarumque
1139 1376 1343 1456 antiquarum

171 1482 289 1544 lectum
312 1485 367 1561 est,
390 1486 425 1543 nt
447 1485 620 1546 existerent
643 1484 698 1565 qni
722 1502 846 1545 summa
869 1487 943 1563 arte,
967 1482 1210 1563 diligentissimo
1229 1485 1345 1569 labore,

171 1593 323 1654 acerrimo
346 1593 476 1674 ingenio
500 1598 642 1656 veterum
667 1597 832 1655 auctorum
856 1611 963 1674 opera,
998 1611 1079 1674 qnae
1106 1612 1209 1675 usqne
1240 1595 1279 1657 ad
1310 1597 1344 1658 id

169 1708 294 1785 tempus
332 1704 429 1764 nnius
474 1703 613 1764 hominis
657 1705 781 1766 nomini
819 1701 1087 1782 attribuebantnr,
1131 1703 1344 1787 discerperent

171 1813 405 1894 quodammodo
424 1840 427 1845 ·
444 1831 479 1874 ac
517 1812 676 1875 disiuncta
713 1832 822 1876 eorum
861 1812 1003 1875 membra
1040 1814 1257 1895 compluribus
1294 1816 1344 1878 vel

169 1923 287 2004 ignotis
311 1922 495 1983 auctoribus
518 1921 740 2005 adscriberent,
763 1924 796 1985 id
819 1924 935 1986 nostris
958 1922 1154 2005 temporibus
1170 1926 1251 1987 mira
1266 1947 1344 2008 qna-

170 2033 242 2094 dam
265 2033 336 2093 viee
359 2033 402 2093 ita
425 2037 471 2094 est
494 2033 666 2114 inversum,
701 2039 823 2096 utnon
846 2034 941 2115 ponci
964 2033 1046 2114 libri,
1075 2034 1131 2115 qui
1153 2036 1343 2117 scriptorum

169 2143 366 2205 diversorum
391 2162 459 2205 esse
481 2163 546 2205 non
569 2145 673 2206 solum
695 2143 896 2226 videbantur,
919 2143 974 2206 sed
989 2145 1134 2207 codicum
1151 2147 1342 2226 optimorum

167 2254 356 2316 testimoniis
379 2252 662 2334 confirmabantur,
695 2257 740 2316 ita.
762 2275 780 2315 a
806 2255 884 2315 viris
908 2254 1009 2316 doctis
1032 2257 1275 2338 castigarentur,
1307 2261 1343 2319 nt

169 2366 325 2445 suppositi
356 2368 387 2425 et
413 2364 492 2425 falso
524 2365 654 2425 nomine
681 2365 830 2446 appellati
858 2383 926 2425 esse
952 2364 1144 2426 riderentur.
1190 2365 1226 2426 ld
1256 2368 1342 2429 enim

169 2493 296 2555 operam
318 2474 367 2534 illi
390 2474 477 2554 (lant,
500 2478 537 2535 ut
559 2473 787 2555 demonstrent,
811 2474 889 2535 tales
910 2473 1008 2536 libros
1031 2495 1096 2536 nou
1118 2477 1251 2557 scriptos
1274 2494 1343 2539 essa

168 2604 187 2646 a
209 2583 356 2666 pluribus
381 2583 572 2663 auctoribus,
606 2603 742 2666 quornm
766 2584 826 2646 sub
849 2585 1034 2648 nominibus
1058 2585 1162 2647 adhuc
1184 2585 1343 2670 leguntur,

168 2695 265 2756 immo
289 2713 356 2756 esse
380 2695 574 2776 conscriptos
597 2694 636 2756 ab
660 2714 724 2755 uno
747 2696 947 2776 potissimum
972 2696 1109 2776 homine,
1131 2716 1249 2778 paucos
1265 2716 1340 2760 vero

167 2807 254 2868 locos
277 2811 385 2888 postea
408 2806 446 2868 ob
471 2806 541 2867 aliis
564 2805 688 2868 additos
711 2825 787 2868 esse.

253 2915 335 2978 Nam
367 2921 403 2978 ut
433 2916 572 2997 exempli
598 2918 700 2997 gratia
727 2915 813 2999 quod
841 2916 880 2978 ad
903 2915 1035 2978 Homeri
1057 2917 1199 2979 carmina
1219 2919 1340 3001 attinet,

166 3025 313 3105 Wolfins,
327 3027 361 3086 in
372 3026 555 3107 castigando
570 3028 718 3109 earnriue,
733 3028 785 3090 cui
799 3026 986 3089 inscribitur
995 3026 1068 3107 „der
1080 3027 1243 3110 Niblunge
1259 3029 1340 3111 not“,

168 3134 392 3200 Lachmannus
414 3136 510 3198 duces
533 3156 569 3198 ac
592 3137 735 3218 signiferi
758 3137 895 3219 fuerunt,
923 3137 961 3200 de
984 3137 1199 3200 Pentateucho
1222 3139 1342 3202 theolo-

166 3267 280 3331 gorum
318 3247 489 3309 multitudo
528 3247 632 3309 adbuc
671 3225 832 3330 disceptat,
871 3253 949 3331 quot
983 3252 1147 3311 anctorum
1192 3249 1341 3312 manibus

166 3359 341 3422 debeantur
355 3359 501 3441 sinkulae
521 3360 661 3441 corporis
675 3361 810 3423 maximi
826 3365 939 3441 partes,
963 3361 1007 3421 ita
1031 3361 1085 3440 qui
1104 3359 1200 3421 rebus
1215 3360 1341 3442 imperii

166 3468 302 3532 Romani
326 3488 453 3551 operam
476 3475 523 3532 est
545 3470 686 3550 daturus,
709 3490 901 3532 nuncnova
924 3491 958 3533 re
979 3489 1072 3553 saepe
1091 3475 1282 3552 perterretur
1304 3490 1341 3535 ac

166 3579 279 3641 iudicii
308 3581 385 3642 certi
407 3580 613 3644 fomlamento
641 3581 729 3644 velut
757 3580 883 3643 detrudi
910 3579 971 3644 sibi
1001 3580 1129 3642 videtur
1151 3599 1187 3642 eo
1211 3581 1340 3663 impetu,

167 3688 388 3773 qnoSeeelrins
401 3692 532 3753 usitatas
542 3691 706 3753 hominnm
719 3692 884 3774 opiniones
897 3690 1080 3752 excutiebat
1089 3691 1133 3771 (in
1144 3690 1341 3756 Fleckeiseni

166 3801 337 3864 annalibus
372 3800 452 3864 1888
484 3821 512 3882 p.
545 3801 733 3881 tle-lae).
790 3801 821 3863 Is
858 3803 943 3863 eninr
975 3821 1037 3864 non
1076 3801 1138 3863 fuit
1172 3805 1339 3866 contentus

165 3911 320 3994 plurimos
353 3917 512 3974 oratorum
545 3912 743 3975 diversorum
775 3913 984 3994 panegyricos
1011 3911 1141 3974 Latinos
1172 3915 1205 3975 in
1238 3935 1339 3978 unum

166 4040 281 4104 corpus
314 4023 550 4103 compressisse,
583 4023 637 4085 sed
670 4024 851 4104 nuperrime
885 4042 958 4085 enm
990 4026 1158 4105 scriptores
1190 4025 1339 4088 historiae

165 4132 330 4213 Augustae
353 4133 462 4195 eadem
485 4133 550 4194 fere
564 4134 685 4194 ratione
699 4138 853 4213 tractaret,
876 4154 978 4195 nuum
992 4133 1091 4196 fuisse
1106 4133 1188 4195 dixit
1202 4153 1340 4216 eumque

164 4241 325 4306 hominem
354 4243 584 4325 impudentem,
618 4243 671 4304 cni
697 4247 785 4304 tanta
810 4243 910 4305 moles
936 4244 1076 4306 vitarum
1099 4241 1266 4306 deberetur
1293 4244 1336 4323 (in

164 4351 362 4416 Fleckeiseni
383 4352 553 4416 annalibus
579 4352 661 4417 1890
682 4373 710 4436 p.
735 4353 923 4431 oce-639).

1134 4457 1146 4506 1
