3236 4910
728 297 769 360 39

162 497 407 581 procursus*,
441 497 602 580 reditus,
637 500 794 582 saltus*,
829 505 1000 584 senatus,
1035 519 1182 583 sensus,
1217 503 1335 583 sinus,

161 610 329 690 vagitus,
350 609 494 691 vultus,
518 628 536 671 o
562 609 680 689 quibus
695 613 838 691 quinque
853 613 937 694 apud
952 613 1095 694 reliquos
1109 613 1334 696 panegyristas

162 719 396 784 desiderantur.

247 829 299 893 Ex
316 829 376 895 IX.
400 833 545 895 oratione
567 833 646 896 haee
669 832 809 896 notanda
831 838 907 897 sunt
930 832 1081 914 exempla
1103 835 1237 917 triginta
1260 853 1334 898 sex:

163 946 386 1027 apparatus
423 948 618 1026 aspectus,
656 962 782 1026 casus,
823 945 1053 1028 eomitatuS,
1091 948 1335 1029 commeatus

144 1058 337 1134 aonatus,
362 1032 586 1138 consensus,
611 1058 853 1138 conspectus,
878 1055 1018 1137 oultuS,
1051 1055 1230 1139 dileetus,
1262 1054 1335 1120 dis·

163 1184 314 1247 aursus
343 1164 493 1248 duetus
526 1166 707 1249 effeetus,
742 1170 915 1249 eventus,
949 1166 1160 1248 exercitae,
1195 1166 1335 1249 exitus,

162 1276 326 1356 fruetus
341 1277 520 1358 gemitus,
533 1276 1334 1360 gradus,instinctus,impetus,impulsus*,

162 1385 1334 1471 metue,morsus*(itaoxBaohreusiiconiectura),metue,obitus*,

162 1497 333 1580 plausus,
356 1516 573 1580 processus,
598 1502 765 1581 sanatae,
787 1501 906 1583 sinae,
930 1500 1039 1580 situs,
1063 1499 1225 1582 sonitus,
1253 1517 1335 1562 sue-

163 1628 313 1692 eessuS,
349 1611 558 1692 transitus,
594 1608 818 1692 tumultus*,
854 1608 1020 1690 vietus*;
1055 1610 1200 1692 quinque
1235 1610 1337 1692 igitur

162 1719 260 1783 huius
282 1721 417 1783 oratoris
439 1723 569 1802 propria
592 1725 669 1784 sunt
691 1721 850 1804 exempla.

247 1828 396 1895 Rariores
430 1836 535 1896 autem
571 1837 647 1896 sunt
681 1832 801 1895 femiae
836 1832 1110 1897 substantivorum
1144 1833 1180 1895 in
1214 1833 1336 1896 -entia

163 1942 360 2005 exeuntium.
400 1981 404 1990 ·

154 2034 158 2039 ⁷
250 2050 363 2116 Orator
385 2053 426 2117 H.
450 2055 500 2117 his
526 2059 647 2138 septem
674 2053 883 2118 substantivis
917 2075 996 2119 usus
1029 2061 1089 2120 est:
1126 2055 1336 2138 elementia,

162 2164 1335 2250 lieentia,magnificentia,pestilentia*,potentiapraesentia,

162 2275 415 2358 providentia.
471 2276 531 2339 ΙΙΙ.
568 2283 673 2340 orator
707 2277 857 2339 undecim
893 2276 1048 2359 exemplis
1079 2277 1130 2340 his
1160 2296 1239 2340 usus
1273 2281 1334 2340 est:

165 2387 378 2468 elementia,
405 2389 652 2474 conscientia,
678 2388 926 2468 continentia,
962 2387 1191 2470 eloquentia,
1223 2389 1337 2471 impa-

165 2499 316 2579 tientia,
351 2499 613 2582 inclementia,
647 2499 848 2582 patientia,
882 2498 1068 2580 potentia,
1110 2498 1338 2580 praesentia,

164 2610 412 2692 reverentia*,
435 2611 632 2693 sapientia.
676 2608 872 2672 Eumenium
894 2608 954 2671 hae
977 2626 1105 2692 quoque
1126 2609 1162 2670 in
1177 2625 1212 2671 re
1228 2608 1338 2691 singu-

163 2720 261 2784 larem
274 2721 417 2784 obtinere
429 2721 534 2785 loeum
551 2721 626 2784 inde
638 2721 837 2804 intelligitur,
860 2720 946 2804 quod
962 2720 1166 2803 undeviginti
1182 2719 1337 2802 exemplis

163 2851 241 2894 usus
264 2836 329 2914 est,
349 2850 444 2914 quem
467 2831 506 2894 ad
529 2851 699 2896 numerum
721 2851 815 2895 nemo
836 2833 1034 2915 reliquorum
1057 2835 1218 2894 oratorum
1239 2849 1338 2913 prope

165 2941 300 3021 aceedit,
334 2961 410 3006 nam
442 2961 483 3004 ne
508 2941 581 3006 Vll.
617 2943 747 3025 quidem
782 2948 837 3006 aut
862 2941 920 3004 IX.
948 2946 1053 3005 orator
1083 2941 1157 3025 plus
1191 2940 1339 3004 duodena

165 3049 366 3114 substantiva
397 3051 618 3116 adhibuerunt.
662 3053 814 3118 Eumenii
846 3072 922 3117 vero
956 3052 1103 3136 exempla
1134 3053 1213 3116 haee
1245 3057 1336 3116 sunt:

165 3161 442 3245 adolescentia,
485 3162 786 3247 benivolentia*,
830 3163 1045 3245 elementia,
1093 3162 1337 3245 confidentia,

164 3274 417 3356 conscientia,
453 3273 704 3358 eontinentia,
741 3275 961 3358 diligentia,
997 3274 1233 3357 eloquentia,
1267 3274 1337 3338 fre-

165 3386 330 3468 quentia,
356 3385 609 3469 indulgentia,
631 3385 872 3468 insolentia*,
894 3384 1168 3467 intelligentia,
1195 3386 1338 3468 magni·

164 3497 334 3581 lieentia,
364 3497 618 3580 neglegentia,
648 3498 843 3581 patientia,
874 3498 1053 3581 potentia,
1084 3496 1338 3580 providentia,

164 3609 371 3691 sapientia,
404 3608 578 3671 seientia.
631 3607 670 3671 V.
704 3613 810 3672 orator
841 3613 962 3693 septem
995 3607 1143 3691 exempla
1175 3605 1335 3702 adhibuit:

165 3719 376 3800 elementia,
399 3719 651 3802 conscientia,
674 3718 909 3802 eloquentia,
931 3718 1188 3801 inelementia,
1210 3723 1337 3801 poten-

164 3831 231 3912 tia,
262 3833 498 3915 praesentia,
537 3831 790 3915 providentia,
839 3829 929 3892 Idem
962 3833 1009 3892 est
1040 3849 1195 3894 numerus
1228 3848 1338 3893 eorum

164 3942 394 4025 exemplorum,
422 3961 504 4025 quae
527 3942 612 4024 apud
635 3941 691 4005 VI.
715 3947 870 4006 oratorem
898 3946 1039 4007 exstant:
1064 3942 1336 4024 adolescentia,

165 4054 414 4136 continentia,
436 4053 668 4136 frequentia,
689 4054 943 4137 neglegentia,
966 4055 1226 4138 providentia,
1252 4075 1336 4139 pru-

165 4161 304 4247 dentia,
326 4165 501 4228 seientia.
541 4164 582 4227 In
592 4164 666 4227 VH.
679 4166 872 4249 panegyrico
894 4164 1047 4247 leguntur
1067 4166 1146 4230 haee
1168 4165 1336 4229 duodecim

165 4275 325 4359 exempla:
351 4274 556 4359 absentia*,
580 4275 1336 4359 adolescentia,elementiaeontinentia,

165 4384 403 4470 eloquentia,
436 4385 712 4470 poenitentia*,
743 4389 927 4472 potentia,
956 4388 1186 4469 praesentia,
1212 4387 1336 4470 provi-
